@book{book:multiplayer1,
   title =     {Networking and Online Games: Understanding and Engineering Multiplayer Internet Games},
   author =    {Grenville Armitage, Mark Claypool, Philip Branch},
   publisher = {Wiley},
   isbn =      {9780470018576,0470018577},
   year =      {2006},
   series =    {},
   edition =   {1},
   volume =    {},
   url =       {http://gen.lib.rus.ec/book/index.php?md5=3DB17A0970666E78A03B017544D44A24}
}